

\Sort{
  Mode{on}
  Collation{mixed}
  SortTypeOrder{pattern,key,name}
  NameOrder{ascending}
  Key{{author,editor},\year{year,note}}
  KeyOrder{descending,nulls first}
  Pattern{author+editor: "doron"}
  PatternOrder{first}
}

%%%%%%%%%%%%%%%%%%%%%%%%%%%%%%%%%

@PHDTHESIS{db1,
author = "D. B. Gurung",
title = "Mathematical study of abnormal thermoregulation in human dermal parts",
school = "Kathmandu University",
year = 2008,
month = march,
type = "Ph{D}  {D}issertation",
pages = "1-188",
}

@article{db2,
author = {D. B. Gurung and V. P. Saxena and P. R. Adhikary},
title = {FEM approach to one dimensional unsteady state temperature distribution in human dermal parts with quadratic shape functions},
journal = {J. Appl. Math. \& Informatics},
year = {2009},
volume = {27},
number = {1-2},
pages = {301-313},
}


@article{db3,
author = {B. Roy and S. K. Roy and D. B. Gurung},
title = {Holling-{T}anner model with {B}eddington-{D}e{A}ngelis functional response and time delay introducing harvesting},
journal = {Mathematics and Computers in Simulation},
year = {2017},
volume = {142},
number = { },
pages = {1-14},
}

@book{HK,
author = {H. Kopka and P. W. Daly},
title = {A Guide to Latex},
publisher = {Addison-Wesley},
address = {Reading, MA},
year = {1999}
}

@article{Pan,
author = {D. Pan},
title = {A Tutorial on MPEG/Audio Compression},
journal = {IEEE Multimedia},
year = {1995},
volume = {2},
number = {1},
pages = {60-74},
month = {Summer}
}


@INPROCEEDINGS{pK69,
author = "Peter A. Konig",
title = "Composition of Functions".
booktitle = "Proceedings of the Conference on
Universal Algebra",
year = 1970,
}


@PROCEEDINGS{UA69,
title = "Proceedings of the Conference on,
Universal Algebra",
booktitle = "Proceedings of the Conference on
Universal Algebra",
address = "Kingston, ON",
publisher = "Canadian Mathematical Society",
editor = "G. H. Birnbaum",
volume = ''7'',
pages = ''23-29'',
year = ''1970''.
}


@INPROCEEDINGS{Gokul,
author = "K. C. Gokul and D. B. Gurung and P. R. Adhikary",
title = "FEM approach for one dimensional temperature distribution in the Human eye",
booktitle = "Proceedings of National Conference on
Mathematics",
address = "Kathmandu",
publisher = "Nepal Mathematical Society",
editor = "P. R. Adhikary and K. Jha and C. Bhatta",
pages = "35-46",
year = "2012".
}


@PHDTHESIS{sF90a,
author = "Soo-Key Foo",
title = "Lattice Constructions",
school = "University of Winnebago",
address = "Winnebago, MN",
year = 1990,
month = dec,
note = "final revision not yet available",
type = "PhD dissertation",
pages = "1-126",
}


@ONLINE{Doe1,
author = {Doe, Ringo},
title = {This is a test entry of type {@ONLINE}},
month = jun,
year = {2009},
url = {\{u}rl{http://www.test.org/doe/}}
}

@misc{Doe2,
author = {Doe, Ringo},
title = {This is a test entry of type {@ONLINE}},
month = jun,
year = {2009},
howpublished = "\url {http://www.test.org/doe/}",
}


@misc{Doe,
author = {R. Doe},
title = {Miktex URL},
howpublished = "\url {http://www.miktex.org}",
month = jun,
year = {2009},
}



