

\Sort{
  Mode{on}
  Collation{mixed}
  SortTypeOrder{pattern,key,name}
  NameOrder{ascending}
  Key{{author,editor},\year{year,note}}
  KeyOrder{descending,nulls first}
  Pattern{author+editor: "doron"}
  PatternOrder{first}
}

%%%%%%%%%%%%%%%%%%%%%%%%%%%%%%%%%
@article{komorowski2016exploratory,
	author = {Komorowski, M., Marshall, D. C., Salciccioli, J. D., \& Crutain, Y.},
	title = {Exploratory Data Analysis},
	journal = {In MIT Critical Data (Ed.), Secondary Analysis of Electronic Health Records},
	year = {2016},
	pages = {185-203},
}
@article{hughes2018feature,
	author = {Hughes, G. and Likhoded, A.},
	title = {Feature selection when attributes are missing completely at random},
	journal = {Data Mining and Knowledge Discovery},
	volume = {32},
	number = {3},
	year = {2018},
	pages = {623--655}
}
@inproceedings{peng2005feature,
	author = {Peng, H. and Long, F. and Ding, C.},
	title = {Feature Selection for High-Dimensional Data: A Fast Correlation-Based Filter Solution},
	booktitle = {Proceedings of the Twentieth International Conference on Machine Learning},
	year = {2005},
	pages = {856--863}
}
@book{han2011data,
	title={Data Mining: Concepts and Techniques},
	author={Han, Jiawei and Pei, Jian and Kamber, Micheline},
	year={2011},
	publisher={Morgan Kaufmann}
}
@book{mitchell1997machine,
	title={Machine Learning},
	author={Mitchell, Tom},
	year={1997},
	publisher={McGraw-Hill}
}

